@book{ross_introduction_2009,
  address   = {Amsterdam, Heidelberg},
  edition   = {4. ed},
  title     = {Introduction to probability and statistics for engineers and scientists},
  isbn      = {978-0-12-370483-2},
  language  = {eng},
  publisher = {Academic Press},
  author    = {Ross, Sheldon M.},
  year      = {2009},
}

@book{ross_first_2010,
  address   = {Upper Saddle River, N.J},
  edition   = {8th ed},
  title     = {A first course in probability},
  isbn      = {978-0-13-603313-4},
  publisher = {Pearson Prentice Hall},
  author    = {Ross, Sheldon M.},
  year      = {2010},
  note      = {OCLC: ocn237199460},
  keywords  = {Probabilities, Textbooks},
}

@book{noauthor_probabilidade_1970,
  title      = {Probabilidade: {Um} {Curso} {Em} {Nivel} {Intermediario}},
  isbn       = {978-85-244-0101-5},
  shorttitle = {Probabilidade},
  language   = {pt-BR},
  publisher  = {Impa},
  month      = may,
  year       = {1970},
  keywords   = {Matemática},
}

@book{magalhaes_probabilidade_2011,
  address   = {São Paulo (SP)},
  title     = {Probabilidade e variáveis aleatórias},
  isbn      = {978-85-314-0945-5},
  language  = {por},
  publisher = {Edusp},
  author    = {Magalhães, Marcos Nascimento},
  year      = {2011},
  note      = {OCLC: 817277463},
}

@book{rudin_principles_2017,
  address      = {Chennai},
  edition      = {3rd edition, 19th reprint 2017},
  title        = {Principles of mathematical analysis},
  isbn         = {978-1-259-06478-4},
  language     = {eng},
  publisher    = {McGraw Education (india) Private Limited},
  collaborator = {Rudin, Walter},
  year         = {2017},
  note         = {OCLC: 1030574617},
}
